<?xml version="1.0" encoding="UTF-8"?><collection xmlns="http://www.loc.gov/MARC21/slim"><record><leader>00441nam--2200169-i-4500</leader><controlfield tag="001">000042589</controlfield><controlfield tag="002">20161230</controlfield><controlfield tag="005">20161230201043</controlfield><controlfield tag="008">060222s1000------------r-----000-0-eng-d</controlfield><datafield ind1=" " ind2=" " tag="040"><subfield code="a">IFIN-HH</subfield></datafield><datafield ind1=" " ind2=" " tag="080"><subfield code="a">533.9:621.039.623</subfield></datafield><datafield ind1="1" ind2=" " tag="100"><subfield code="a">Stacey, Weston M</subfield></datafield><datafield ind1="1" ind2="0" tag="245"><subfield code="a">Fusion plasma analysis</subfield><subfield code="c">Weston M. Stacey</subfield></datafield><datafield ind1=" " ind2=" " tag="260"><subfield code="a">New York, John Wiley &amp; Sons, 1981</subfield></datafield><datafield ind1=" " ind2=" " tag="300"><subfield code="a">XV + 376 P</subfield></datafield><datafield ind1=" " ind2=" " tag="852"><subfield code="a">49175</subfield><subfield code="c">533.9</subfield></datafield><datafield ind1=" " ind2=" " tag="CAT"><subfield code="a">Sys</subfield><subfield code="c">20100929</subfield><subfield code="h">151943</subfield></datafield></record></collection>